<?xml version="1.0" encoding="UTF-8"?><collection xmlns="http://www.loc.gov/MARC21/slim"><record><leader>00347nam--2200133-i-4500</leader><controlfield tag="001">000000204</controlfield><controlfield tag="002">20161230</controlfield><controlfield tag="005">20161230201023</controlfield><controlfield tag="008">060222s1000------------r-----000-0-eng-d</controlfield><datafield ind1=" " ind2=" " tag="080"><subfield code="a">539.171.4:539.2</subfield></datafield><datafield ind1=" " ind2=" " tag="100"><subfield code="a">Ghassemlou, Abdul Rahman</subfield></datafield><datafield ind1=" " ind2=" " tag="245"><subfield code="a">Kurdistan and the kurds</subfield></datafield><datafield ind1=" " ind2=" " tag="260"><subfield code="a">Prague, Czechoslovak Academy Of Science. 304 P</subfield></datafield><datafield ind1=" " ind2=" " tag="852"><subfield code="a">22892</subfield></datafield></record></collection>